
------------------------------------------------------------------------
-------------------------ACKS-------------------------------------------
------------------------------------------------------------------------

@String{ack-nhfb = "Nelson H. F. Beebe,
                    University of Utah,
                    Department of Mathematics, 110 LCB,
                    155 S 1400 E RM 233,
                    Salt Lake City, UT 84112-0090, USA,
                    Tel: +1 801 581 5254,
                    FAX: +1 801 581 4148,
                    e-mail: \path|beebe@math.utah.edu|,
                            \path|beebe@acm.org|,
                            \path|beebe@computer.org| (Internet),
                    URL: \path|http://www.math.utah.edu/~beebe/|"}

------------------------------------------------------------------------
------------------------------------------------------------------------
------------------------------------------------------------------------


%%% institutions & organizations 
@string{nist =      "{National Institute of Standards and Technology}" }
@string{ansi =      "{American National Standards Institute}" }
@string{iso =       "{International Organization for Standardization}" }
@string{nessie =    "{New European Schemes for Signature, Integrity, and
                      Encryption}"}
@string{ipsecwg = "{IPSec Working Group}"}
------------------------------------------------------------------------
-------------------------SERIES-----------------------------------------
------------------------------------------------------------------------

@string{fipsp =     "{Federal Information Processing Standards Publications 
                      (FIPS PUBS)}"}
@string{jocass = "{Journal of Computer and System Sciences}"}

------------------------------------------------------------------------
--------------------------------- ACL-----------------------------------
------------------------------------------------------------------------

@inbook{schneier:one,
  Author = "Bruce Schneier",
  Title = {Angewandte Kryptographie},
  Pages = {185}, 
  Publisher = {Addison-Wesley (Deutschland) GmbH},
  Year = 1996,
  Type = "Fachliteratur",
  Address = {Bonn},
  Edition = "first"
}

@inbook{schneier:des,
  Author = "Bruce Schneier",
  Title = {Angewandte Kryptographie},
  Pages = {705-714}, 
  Publisher = {Addison-Wesley (Deutschland) GmbH},
  Year = 1996,
  Type = "Fachliteratur",
  Address = {Bonn},
  Edition = "first"
}

@manual{aes1,
  Title = {AES Proposal: Rijndeal}, 
  Author = "Joan Daemen and Vincent Rijmen",
  Edition = "second",
  Month = "September 3",
  Year = 1999,
  Note = {AES Algorithm Submission}
}

@proceedings{aes2,
Title = {Advanced Encryption Standard (AES)},
Month = "November 26",
Year =  2001,
Organization = nist,
Series = fipsp,
Number = 197,
Address = "5285 Port Royal Road, Springfield, VA 22161."
}

@proceedings{tdes,
Title = {Specifications For The Triple Data Encryption Algorithm (TDEA) Block
         Cipher},
Month = "April 16",
Year =  2004,
Organization = nist,
Series = fipsp,
Number = "800-67",
Address = "5285 Port Royal Road, Springfield, VA 22161."
}

@manual{twofish,
 Title = {Twofish: A 128-Bit Block Cipher}, 
  Author = "Bruce Schneier and John Kelsey and Doug Whiting and David Wagner 
            and Chris Hall and Niels Ferguson",
  Month = "June 15",
  Year = 1998
}


@misc{twofischsource,
 Title  = {Twofish reference library},
 Author = "Niels Ferguson",
 Howpublished = {../ref/TwofishClib-v0.3.zip}
}


@proceedings{sha,
Title = {Secure Hash Standard},
Month = "August 1",
Year =  2002,
Organization = nist,
Series = fipsp,
Number = "180-2",
Address = "5285 Port Royal Road, Springfield, VA 22161."
}

@proceedings{modes,
Title = {DES Modes Of Operation},
Month = "December 2",
Year =  1980,
Organization = nist,
Series = fipsp,
Number = "81",
Address = "5285 Port Royal Road, Springfield, VA 22161."
}


@proceedings{dss,
Title = {Digital Signature Standard (DSS)},
Month = "January 27",
Year =  2000,
Organization = nist,
Series = fipsp,
Number = "186-2",
Address = "5285 Port Royal Road, Springfield, VA 22161."
}

@manual{helix,
 Title = {Helix - Fast Encryption and Authentication in  
          a Single Cryptographic Primitive}, 
  Author = "Niels Ferguson and Doug Whiting and Bruce Schneier and John Kelsey,
             Stefan Lucks and Tadayoshi Kohno"
}


@proceedings{rsa,
Title = {PKCS v2.1 : RSA Cryptography Standard},
Month = "June 14",
Year =  2002,
Organization ={RSA Laboratories},
Series = "Public-Key Cryptography Standards",
Volume = "1",
Address = "174 Middlesex Turnpike, Bedford, MA 01730."
}

@Misc{gpg,
  Key   =        {FSF},
  Title = 	 {GnuPG - The GNU Privacy Guard},
  note   =        {http://www.gnupg.org/}
}
 
@Misc{bignum,
  Author = "J. Delcourt",
  Title =        {BIG NUMBER},
  url   =        {http://www.chez.com/bignumber/info.htm}
}


@Misc{handout,
  Author = "Erik Zenner",
  Title  = "Zahlenthoretische Algorithmen"
}


@Misc{beecrypt,
   Author = "Bob Deblier",
   Title  = {BeeCrypt Cryptography},
   URL    = {http://sourceforge.net/projects/beecrypt/}
}

@Book{cormen,
  author =       {Thomas H. Cormen and Charles E. Leiserson and
                  Ronald L. Rivest},
  title =        {Introduction to Algorithms},
  publisher =    {McGraw-Hill Book Company},
  year =         {2000},
}

@Misc{bigint,
  author   =     {Sun Microsystems, Inc.},
  publisher =    {Sun Microsystems, Inc.},
  Title = 	 {Class java.math.BigInteger},
  note   =       {http://java.sun.com/}
}


@Misc{wiki,
  Key   =        {Wikipedia},
  Title = 	 {Wikipedia},
  note   =        {http://www.wikipedia.org/}
}

@Misc{whirlpool,
 title =  {The WHIRLPOOL Hashing Function},
 author = {Paulo S.L.M. Barreto and Vincent Rijmen},
 year  =  {2003},
 month =  {May 24},
 abstract = {We present Whirlpool, a 512-bit hash function operating on
    messages less than 2256 bits in length. The function structure is designed 
    a  ccording to the Wide Trail strategy and permits a wide variety of 
    implementation tradeoffs.}
}


@book{2004-hankerson
,title={{Guide to elliptic curve cryptography}}
,booktitle={{Guide to elliptic curve cryptography}}
,author={Darrel Hankerson and Alfred Menezes and Scott Vanstone}
,ISBN={0--387--95273--X}
,MR={2054891}
,publisher={Springer}
,address={New York}
,year={2004}
}
------------------------------------------------------------------------
------------------------------DIPLOM------------------------------------
------------------------------------------------------------------------


@Article{cw79,
  author = 	 {J. Lawrence Carter and Mark N. Wegman},
  title = 	 {Universal Classes of Hash Functions},
  journal = 	 jocass,
  year = 	 {1979},
  volume = 	 {18},
  pages = 	 {143--154},
}


@Article{cw81,
  author = 	 {J. Lawrence Carter and Mark N. Wegman},
  title = 	 {New Hash Functions and Their Use in Authentication and Set
                  Equality},
  journal = 	 jocass,
  year = 	 {1981},
  address =      {IBM Thomas J.Watson Research Center, Yorktown Heights, 
                  New York 10598},
  volume = 	 {22},
  pages = 	 {265--279},
}


@TechReport{hardcore,
  author = 	 {Mats Näslund},
  title = 	 {Universal Hash Functions & Hard Core Bits}, 
  institution =  {Royal Institut of Technology}, 
  address = 	 {S-100 44 Stockholm, Sweden},
}


@PhdThesis{diss,
  author = 	 {Theodore D. Krovetz},
  title = 	 {Software-Optimized Universal Hashing and Message 
                  Authentication},
  school = 	 {University of California},
  year = 	 {2000},
  month = 	 {September},
}


@TechReport{rfc,
  author = 	 {T. Krovetz},
  title = 	 {UMAC: Message Authentication Code using Universal Hashing},
  institution =  {CSU Secramento},
  year = 	 {2004},
  month = 	 {October},
  note = 	 {INTERNET DRAFT},
  annote = 	 {Expires April 2005}
}

@inproceedings{mansour90computational,
    author = "Yishay Mansour and Noam Nisan and Prasoon Tiwari",
    title = "The Computational Complexity of Universal Hashing",
    booktitle = "Proceedings of the 22nd Annual {ACM} Symposium on  Theory of 
                 Computing (May 14--16 1990: Baltimore, {MD}, {USA})",
    publisher = "ACM Press",
    address = "New York, NY 10036, USA",
    isbn = "0-89791-361-2",
    pages = "235--243",
    year = "1990",
    url = "citeseer.ist.psu.edu/mansour02computational.html" }

@article{rogaway99bucket,
    author = "Phillip Rogaway",
    title = "Bucket Hashing and Its Application to Fast Message
             Authentication",
    journal = "Journal of Cryptology: the journal of the International
               Association for Cryptologic Research",
    volume = "12",
    number = "2",
    pages = "91--115",
    year = "1999",
    url = "citeseer.ist.psu.edu/rogaway95bucket.html" }

@article{stinson91universal,
    author = "Douglas R. Stinson",
    title = "Universal Hashing and Authentication Codes",
    journal = "Lecture Notes in Computer Science",
    volume = "576",
    pages = "74--85",
    year = "1991",
    url = "citeseer.ist.psu.edu/article/stinson91universal.html" }

@article{atici96universal,
    author = "M. Atici and Douglas R. Stinson",
    title = "Universal Hashing and Multiple Authentication",
    journal = "Lecture Notes in Computer Science",
    volume = "1109",
    pages = "16--??",
    year = "1996",
    url = "citeseer.ist.psu.edu/atici96universal.html" }


@misc{brassard,
    author = "G. Brassard",
    journal = "20th Annual Symposium on the Foundations of Computer Science",
    pages = "383--391",
    year = "1979",
    month = "October"
}

@misc{adleman,
    author = "L. Adleman",
    journal = "Private Communication",
    year = "1979",
    month = "December"
}

@article{ diffie76new,
    author = "Whitfield Diffie and Martin E. Hellman",
    title = "New Directions in Cryptography",
    journal = "IEEE Transactions on Information Theory",
    volume = "IT-22",
    number = "6",
    pages = "644--654",
    date = "November 1976",
    year = "1976",
    url = "citeseer.ist.psu.edu/diffie76new.html" }

@inproceedings{ halevi97mmh,
    author = "Shai Halevi and Hugo Krawczyk",
    title = "{MMH}: Software Message Authentication in the Gbit/Second Rates",
    booktitle = "Fast Software Encryption",
    pages = "172-189",
    year = "1997",
    url = "citeseer.ist.psu.edu/halevi97mmh.html" }

@misc{ hash-square, 
  author = "Mark Etzel and Sarvar Patel and Zulfikar Ramzan",
  title = "Square Hash: Fast Message Authentication Via Optimized Universal Hash Functions" }


@inproceedings{kr94,
  author    = {Hugo Krawczyk},
  title     = "{LFSR}-based Hashing and Authentication.",
  booktitle = {CRYPTO},
  year      = {1994},
  pages     = {129-139},
  bibsource = {DBLP, http://dblp.uni-trier.de}
 }


@misc{omac,
    author = {Tetsu Iwata and Kaoru Kurosawa},
    title = {OMAC: One-Key CBC MAC},
    howpublished = {Cryptology ePrint Archive, Report 2002/180},
    year = {2002},
    note = {http://eprint.iacr.org/}
}

@InProceedings{xormac,
  author =       "M. Bellare and R. Guerin and P. Rogaway",
  year =         "1995",
  title =        "{XOR} {MACs}: New Methods for Message Authentication
                 Using Finite Pseudorandom Functions",
  booktitle =    "Proc. 15th International Advances in Cryptology
                 Conference -- {CRYPTO} '95",
  pages =        "15--28",
  abstract =     "We describe a new approach for authenticating a
                 message using a finite pseudorandom function (PRF). Our
                 {"}XOR MACs{"} have several nice features, including
                 parallelizability, and provable security. The finite
                 PRF can be {"}instantiated{"} via DES (yielding an
                 alternative to the CBC MAC), via the compression
                 function of MD5 (yielding an alternative to various
                 {"}keyed MD5{"} constructions), or in a variety of
                 other ways. The proven security is quantitative,
                 expressing the adversary's inability to foreign terms
                 of her (presumed) inability to break the underlying
                 finite PRF. This is backed by attacks showing the
                 analysis is tight. Our proofs exploit linear algebraic
                 techniques.",
}

@Article{hmac,
  author =       "M. Bellare and R. Canetti and H. Krawczyk",
  title =        "Keying Hash Functions for Message Authentication",
  journal =      "Lecture Notes in CS",
  volume =       "1109",
  pages =        "1--15",
  year =         "1996",
  CODEN =        "LNCSD9",
  ISSN =         "0302-9743",
  bibdate =      "Wed Nov 25 07:34:12 1998",
  URL =          "Full version: http://www.research.ibm.com/security/"
}

@proceedings{pkt,
  title = 	 "Security Specifications ",
  organization =  "CableLabs",
  type = 	 "Issued",
  edition =       "1.5",
  year = 	 "2005",
  month = 	 "January 28",
  pages =        "207--210",
  note  = "http://www.packetcable.com/downloads/specs/PKT-SP-SEC1.5-I01-050128.pdf"
 }

@inproceedings{blowfish,
  author = {Bruce Schneier},
  title  = {Fast Software Encryption, Cambridge Security Workshop Proceedings},
  booktitle = {FSE},
  publisher = {Springer-Verlag},
  series    = {Lecture Notes in Computer Science},
  year      = {1993},
  month     = {December},
  pages     = {191--204}
}

@inproceedings{ctr,
    author = "Helger Lipmaa and Phillip Rogaway and David Wagner",
    title = "Comments to {NIST} Concerning {AES}-modes of Operations: {CTR}-mode Encryption",
    booktitle = "Symmetric Key Block Cipher Modes of Operation Workshop",
    address = "Baltimore, Maryland, USA",
    year = "2000",
    url = "citeseer.ist.psu.edu/lipmaa00comments.html" }

@article{polyr,
    author = "Ted Krovetz and Phillip Rogaway",
    title = "Fast Universal Hashing with Small Keys and No Preprocessing: The {PolyR} Construction",
    journal = "Lecture Notes in Computer Science",
    volume = "2015",
    pages = "73--??",
    year = "2001",
    url = "citeseer.ist.psu.edu/krovetz00fast.html" }

@misc{desmodes,
author = {Mihir Bellare and Anand Desai and Eron Jokipii and Philip Rogaway},
title = "A Concrete Security Treatment of Symmetric Encryption: Analysis of the DES Modes of Operation",
year = "1997",
series = "Proceedings of 38th Annual Symposium on Foundations of Computer Science (FOCS  97)"
}


@book{handbook97,
author="A.J. Menezes and P.C. Van Oorschot and S.A. Vanstone",
title="Handbook of Applied Cryptography",
publisher="CRC press",
year="1997"}

@book{asmbook,
author = "Sivarama P. Dandamudi",
title = "Introduction to Assembly Language Programming: From 8086 to Pentium Processors",
publisher="Springer-Verlag",
year ="1998",
mounth ="October"
}


@article{nh,
    author = "John Black and Shai Halevi and Hugo Krawczyk and Ted Krovetz and Phillip Rogaway",
    title = "UMAC: Fast and secure message authentication",
    journal = "Lecture Notes in Computer Science",
    volume = " vol. 1666",
    pages = "215--233",
    year = "1999",
     publisher="Springer-Verlag"
}

@proceedings{sp800-57,
Title = {Recommendation for Key Management - Part 1: General},
Month = "April",
Year =  2005,
Organization = nist,
Series = "Special Publication",
Number = "800-57",
}

@Manual{nessie-call,
Title ={Call for Cryptographic Primitives},
Month = "March 8",
Year =  2000,
Organization = nessie,
Number = "2.2",
}

@misc{umac1999,
  author = 	 {Black and Halevi and Hevia and Krawczyk and Krovetz and
                  Rogaway},
  title = 	 {UMAC -- Message Authentication Code using Universal Hashing},
  year = 	 {1999},
  month = 	 {July 8},
  note = 	 {DRAFT}
 }


@TechReport{Wang:2005:CSA,
  author =       "Xiaoyun Wang and Yiqun Lisa Yin and Hongbo Yu",
  title =        "Collision Search Attacks on {SHA1}",
  type =         "Technical report",
  institution =  "Shandong University",
  address =      "Shandong, China",
  year =         "2005",
  bibdate =      "Thu Mar 24 07:53:53 2005",
  URL =          "http://theory.csail.mit.edu/~yiqun/shanote.pdf",
  acknowledgement = ack-nhfb,
  remark =       "From the paper: ``We have developed a set of new
                 techniques that are very effective for searching
                 collisions in SHA1. Our analysis shows that collisions
                 of SHA1 can be found with complexity less than $2^{69}$
                 hash operations. This is the first attack on the full
                 80-step SHA1 with complexity less than the $2^{80}$
                 theoretical bound. Based on our estimation, we expect
                 that real collisions of SHA1 reduced to 70-steps can be
                 found using today's supercomputers.''."}

@inproceedings{anderson96tiger,
    author = "Anderson and Biham",
    title = "Tiger: {A} Fast New Hash Function",
    booktitle = "{IWFSE}: International Workshop on Fast Software Encryption, {LNCS}",
    year = "1996",
    url = "citeseer.ist.psu.edu/anderson96tiger.html" 
}

@article{petrank00cbc,
    author = "Erez Petrank and Charles Rackoff",
    title = "{CBC {MAC}} for Real-Time Data Sources",
    journal = "Journal of Cryptology: the journal of the International Association for Cryptologic Research",
    volume = "13",
    number = "3",
    pages = "315--338",
    year = "2000",
    url = "citeseer.ist.psu.edu/petrank97cbc.html" }


@misc{umac2000-draft1,
  author = 	 {T. Krovetz and J. Black and S. Halevi and A. Hevi and  
                  H. Krawczyk and  P. Rogaway},
  title = 	 {UMAC: Message Authentication Code using Universal Hashing},
  year = 	 {2000},
  month = 	 {October},
  note = 	 {INTERNET DRAFT},
  annote = 	 {Expires April 2001}
}

@misc{umac2000-draft3,
  author = 	 {T. Krovetz and J. Black and S. Halevi and A. Hevi and  
                  H. Krawczyk and  P. Rogaway},
  title = 	 {UMAC: Message Authentication Code using Universal Hashing},
  year = 	 {2005},
  month = 	 {June},
  note = 	 {INTERNET DRAFT},
  annote = 	 {Expires December 2005}
}


@misc{stinson-connections,
  author = "D. R. Stinson",
  title = "On the Connections Between Universal Hashing, Combinatorial Designs
 and Error-Correcting Codes",
  url = "citeseer.ist.psu.edu/104018.html" 
}

@misc{umac2000, 
 author = {Ted Krovetz},
 Howpublished = "http://www.cs.ucdavis.edu/~rogaway/umac/"
}

@misc{badger,
  author = "Martin Boesgaard and Thomas Christensen and Erik Zenner",
  title = {Badger - A Fast and Provably Secure MAC},
  url = "citeseer.ist.psu.edu/718154.html" }

@misc{cryptoeprint:2004:291,
    author = {Martin Boesgaard and Thomas Pedersen and Mette Vesterager and Erik Zenner},
    title = {The Rabbit Stream Cipher - Design and Security Analysis},
    howpublished = {Cryptology ePrint Archive, Report 2004/291},
    year = {2004},
    note = {http://eprint.iacr.org/},
}

@misc{cryptico,
 author = "Cryptico",
 Howpublished = {http://www.cryptico.com/},
 address = "CRYPTICO A/S
            Fruebjergvej 3
            2100 Copenhagen
            Denmark
            e-mail: \path|info@cryptico.com|"     
}

@misc{senior-md,
  author = "Dan Kaminsky Senior",
  title = "MD5 To Be Considered Harmful Someday",
  url = "citeseer.ist.psu.edu/718487.html" }

@misc{ mikle-practical,
  author = "Ondrej Mikle",
  title = "Practical Attacks on Digital Signatures Using MD5 Message Digest",
  url = "citeseer.ist.psu.edu/mikle04practical.html" }


@misc{sha1-col,
author = "X. Wang and Y.L. Yin and H. Yu",
Title =  {Finding collisions in the full SHA1},
Organization = "Crypto 2005"
}


@Book{kerk,
  author = {Roland Matthes},
  title =  {Algebra, Kryptologie und Kodierungstheorie. 
            Mathematische Methoden der Datensicherheit.},
  publisher = {Carl Hanser GmbH and Co. KG},
  year =  {2003},
  month = {September}
}


@book{schneier,
  Author = "Bruce Schneier",
  Title = {Angewandte Kryptographie},
  Publisher = {Addison-Wesley (Deutschland) GmbH},
  Year = 1996,
  Type = "Fachliteratur",
  Address = {Bonn},
  Edition = "first"
}

@misc{poly1305,
  author = "Daniel J. Bernstein",
  title = "The Poly1305-AES message-authentication code",
  year = "2005",
  month = "March 29",  
  institution = "The University of Illonois Chicago",
  address = "Chicago, IL 60607-7045"}


@misc{gp,
  author = "Ewan Fleischmann",
  title = "Mehrfachkollisionen bei iterierten Hashfunktionen",
  year = "2005",
  month = "Februar 1",  
  institution = "The University of Mannheim"
}


@misc{key-sizes,
  title = 	 {ECRYPT Yearly Report on Algorithms and Keysizes (2004)},
  author = 	 {S. Babbage and D. Catalano and L. Granboulan and A. Lenstra 
                 and C. Paar and J. Pelzl and T. Pornin and B. Preneel and
                  M. Robshaw and A. Rupp and N. Smart and M. Ward},
  organization = {European Network of Excellence in Cryptology},
  edition = 	 {Revision 1.1},
  month = 	 {March},
  year = 	 {2005},
  editor =       {Christian Gehrmann and Mats Näslund (ERICS)}
}



@misc{key-lengths,
  author = 	 {Arjen K. Lenstra},
  title = 	 {Key Lengths},
  year = 	 {2004},
  month = 	 {June 30},
  institution =  {Lucent Technologies and Technische Universiteit Eindhoven}
}
